<record><leader>00000cas a22000007a 4500</leader><controlfield tag="001">9504223</controlfield><controlfield tag="008">830512d18231824nyudn ne      0    0eng d</controlfield><datafield ind1=" " ind2=" " tag="010"><subfield code="a">sn 83030351 </subfield></datafield><datafield ind1=" " ind2=" " tag="040"><subfield code="a">NPU</subfield><subfield code="b">eng</subfield><subfield code="c">NPU</subfield><subfield code="d">NYG</subfield><subfield code="d">NPX</subfield><subfield code="d">DLC</subfield><subfield code="d">NYS</subfield><subfield code="d">OCL</subfield><subfield code="d">OCLCF</subfield><subfield code="d">OCLCO</subfield></datafield><datafield ind1="1" ind2=" " tag="029"><subfield code="a">AU@</subfield><subfield code="b">000025823931</subfield></datafield><datafield ind1=" " ind2=" " tag="042"><subfield code="a">msc</subfield></datafield><datafield ind1="0" ind2="0" tag="050"><subfield code="a">Newspaper 9021</subfield></datafield><datafield ind1="0" ind2=" " tag="130"><subfield code="a">New-York patriot (New York, N.Y. : 1823)</subfield></datafield><datafield ind1="0" ind2="4" tag="245"><subfield code="a">The New-York patriot.</subfield></datafield><datafield ind1="1" ind2="0" tag="246"><subfield code="a">New York patriot</subfield></datafield><datafield ind1=" " ind2=" " tag="260"><subfield code="a">New York [N.Y.] :</subfield><subfield code="b">John Guion &amp; Co.,</subfield><subfield code="c">1823-1824.</subfield></datafield><datafield ind1=" " ind2=" " tag="300"><subfield code="a">2 v. :</subfield><subfield code="b">ill. (chiefly advertisements) ;</subfield><subfield code="c">38-54 cm.</subfield></datafield><datafield ind1=" " ind2=" " tag="310"><subfield code="a">Daily (except Sunday)</subfield></datafield><datafield ind1="0" ind2=" " tag="362"><subfield code="a">Vol. 1, no. 1 (May 28, 1823)-v. 2, no. 141 (Oct. 15, 1824).</subfield></datafield><datafield ind1=" " ind2=" " tag="500"><subfield code="a">Printers: Brown &amp; Osborn, 1823-    ; Briant C. Brown, &lt;1824&gt;.</subfield></datafield><datafield ind1=" " ind2=" " tag="500"><subfield code="a">Republican. Cf. Fox, L.H.  New York City newspapers.</subfield></datafield><datafield ind1=" " ind2=" " tag="580"><subfield code="a">Semiweekly and triweekly ed.: New-York patriot (New York, N.Y. : Country ed.).</subfield></datafield><datafield ind1=" " ind2="0" tag="651"><subfield code="a">New York (N.Y.)</subfield><subfield code="v">Newspapers.</subfield></datafield><datafield ind1=" " ind2="7" tag="655"><subfield code="a">Newspapers.</subfield><subfield code="2">fast</subfield><subfield code="0">(OCoLC)fst01423814</subfield></datafield><datafield ind1=" " ind2="7" tag="651"><subfield code="a">New York (State)</subfield><subfield code="z">New York.</subfield><subfield code="2">fast</subfield><subfield code="0">(OCoLC)fst01204333</subfield></datafield><datafield ind1=" " ind2=" " tag="752"><subfield code="a">United States</subfield><subfield code="b">New York</subfield><subfield code="c">New York</subfield><subfield code="d">New York.</subfield></datafield><datafield ind1="1" ind2=" " tag="775"><subfield code="t">New-York patriot (New York, N.Y. : Country ed.)</subfield><subfield code="w">(DLC)sn 83030357</subfield></datafield><datafield ind1="0" ind2="0" tag="785"><subfield code="t">New-York patriot and morning advertiser</subfield><subfield code="w">(DLC)sn 83030359</subfield></datafield></record>